@article{silver2017mastering,
  title={Mastering the game of go without human knowledge},
  author={Silver, David and Schrittwieser, Julian and Simonyan, Karen and Antonoglou, Ioannis and Huang, Aja and Guez, Arthur and Hubert, Thomas and Baker, Lucas and Lai, Matthew and Bolton, Adrian and others},
  journal={nature},
  volume={550},
  number={7676},
  pages={354--359},
  year={2017},
  publisher={Nature Publishing Group}
}

@article{silver2018general,
  title={A general reinforcement learning algorithm that masters chess, shogi, and Go through self-play},
  author={Silver, David and Hubert, Thomas and Schrittwieser, Julian and Antonoglou, Ioannis and Lai, Matthew and Guez, Arthur and Lanctot, Marc and Sifre, Laurent and Kumaran, Dharshan and Graepel, Thore and others},
  journal={Science},
  volume={362},
  number={6419},
  pages={1140--1144},
  year={2018},
  publisher={American Association for the Advancement of Science}
}

@incollection{zhang2018artificial,
  title={Artificial neural network},
  author={Zhang, Zhihua},
  booktitle={Multivariate time series analysis in climate and environmental research},
  pages={1--35},
  year={2018},
  publisher={Springer}
}

@inproceedings{ioffe2015batch,
  title={Batch normalization: Accelerating deep network training by reducing internal covariate shift},
  author={Ioffe, Sergey and Szegedy, Christian},
  booktitle={International conference on machine learning},
  pages={448--456},
  year={2015},
  organization={PMLR}
}

@inproceedings{horn1990hadamard,
  title={The hadamard product},
  author={Horn, Roger A},
  booktitle={Proc. Symp. Appl. Math},
  volume={40},
  pages={87--169},
  year={1990}
}

@inproceedings{konda2000actor,
  title={Actor-critic algorithms},
  author={Konda, Vijay R and Tsitsiklis, John N},
  booktitle={Advances in neural information processing systems},
  pages={1008--1014},
  year={2000}
}

@book{elo1978rating,
  added-at = {2019-01-08T11:02:22.000+0100},
  address = {New York},
  author = {Elo, Arpad E.},
  biburl = {https://www.bibsonomy.org/bibtex/24148b608c40e521f795b8057a924b5d0/dschiffner},
  description = {Amazon.com: The Rating Of Chess Players, Past & Present (9780668047210): Arpad E Elo: Books},
  interhash = {d2e8d25f3d6bf5c5d387a8d81f15eb45},
  intrahash = {4148b608c40e521f795b8057a924b5d0},
  isbn = {0668047216 9780668047210},
  keywords = {cati},
  publisher = {Arco Pub.},
  refid = {4504131},
  timestamp = {2019-01-08T13:02:59.000+0100},
  title = {The Rating of Chessplayers, Past and Present},
  url = {http://www.amazon.com/Rating-Chess-Players-Past-Present/dp/0668047216},
  year = 1978
}

 @misc{ vectorization_2021,
    author = "{Wikipedia contributors}",
    title = "Vectorization (mathematics) --- {Wikipedia}{,} The Free Encyclopedia",
    year = "2021",
    howpublished = "\url{https://en.wikipedia.org/w/index.php?title=Vectorization_(mathematics)&oldid=1057421500}",
    note = "[Online; accessed 17-March-2022]"
  }
@misc{wiki:Vector_quantization,
   author = "Wikipedia",
   title = "{Vector quantization} --- {W}ikipedia{,} The Free Encyclopedia",
   year = "2022",
   howpublished = {\url{http://en.wikipedia.org/w/index.php?title=Vector\%20quantization&oldid=1082226300}},
   note = "[Online; accessed 06-June-2022]"
 }
@inproceedings{chaslot2008parallel,
  title={Parallel monte-carlo tree search},
  author={Chaslot, Guillaume MJ-B and Winands, Mark HM and Herik, HJVD},
  booktitle={International Conference on Computers and Games},
  pages={60--71},
  year={2008},
  organization={Springer}
}

 @misc{kissmann_2016, howpublished="\url{https://web.archive.org/web/20131002122656/http://www.tzi.de/~edelkamp/lectures/ae/slide/AE-SymbolischeSuche.pdf}", publisher={Universit√§t Bremen}, author={Kissmann, Peter}} 


